<?xml version="1.0" encoding="utf-8"?>
<record xmlns="http://www.loc.gov/MARC21/slim" xmlns:xsi="http://www.w3.org/2001/XMLSchema-instance" xsi:schemaLocation="http://www.loc.gov/MARC21/slim http://www.loc.gov/standards/marcxml/schema/MARC21slim.xsd">
	<leader>     nam a22        4500</leader>
	<controlfield tag="001">b12783419</controlfield>
	<controlfield tag="003">LeBAU</controlfield>
	<controlfield tag="006">m        d        </controlfield>
	<controlfield tag="007">cr cn |||m|||a</controlfield>
	<controlfield tag="008">161219m19411943tu      o     ||0 0 ara d</controlfield>
	<datafield ind1=" " ind2=" " tag="040">
		<subfield code="a">NNU</subfield>
		<subfield code="b">ara</subfield>
		<subfield code="e">rda</subfield>
		<subfield code="c">NNU</subfield>
	</datafield>
	<datafield ind1="0" ind2="4" tag="082">
		<subfield code="a">091.016</subfield>
		<subfield code="2">22</subfield>
	</datafield>
	<datafield ind1="1" ind2=" " tag="100">
		<subfield code="6">880-01</subfield>
		<subfield code="a">Ḥajjı̄ Khalı̄fah, Muṣṭafá ibn ‘Abd Allāh,</subfield>
		<subfield code="d">1609-1657,</subfield>
		<subfield code="e">author.</subfield>
	</datafield>
	<datafield ind1="1" ind2="0" tag="245">
		<subfield code="6">880-02</subfield>
		<subfield code="a">Kitāb Kashf al-ẓunūn ʻan asāmī al-kutub wa-al-funūn /</subfield>
		<subfield code="c">lil-‘ālim al-fāḍil al-adīb wa-al-mu’arrikh al-kāmil-al-arīb Muṣṭafá ibn ʻAbd Allāh al-shahīr bi-Ḥājī Khalīfah wa-Katib Jalabī ; ʻUniyá bi-taṣḥīḥihi wa-ṭabʻihi ʻalá nuskhat al-muʼallif mujarradan ʻan al-ziyādāt wa-al-lawāḥiq min baʻdih wa-taʻlīq ḥawāshīh thumma bi-tartīb al-dhuyūl ʻalayhi wa-ṭabʻihā Muḥammad Sharaf al-Dīn Yāltqāyā aḥad al-mudarrisīn bi-Jāmi‘at Istānbūl al-maḥmīyah wa-al-mu’allim Rifʻat Bīlkih al-Kilīsī.</subfield>
	</datafield>
	<datafield ind1="3" ind2=" " tag="246">
		<subfield code="a">Kashf al-ẓunūn ʻan asāmī al-kutub wa-al-funūn</subfield>
	</datafield>
	<datafield ind1="3" ind2="0" tag="246">
		<subfield code="6">880-03</subfield>
		<subfield code="a">كشف الظنون عن أسامي الكتب والفنون</subfield>
	</datafield>
	<datafield ind1="1" ind2="5" tag="246">
		<subfield code="a">Keşf-el-zunun</subfield>
	</datafield>
	<datafield ind1=" " ind2="1" tag="264">
		<subfield code="6">880-04</subfield>
		<subfield code="a">Istānbūl :</subfield>
		<subfield code="b">Wikālat al-Maʻārif,</subfield>
		<subfield code="c">1360-1362 H. = 1941-1943 M.</subfield>
	</datafield>
	<datafield ind1=" " ind2=" " tag="300">
		<subfield code="6">880-05</subfield>
		<subfield code="a">online resource (2 volumes)</subfield>
	</datafield>
	<datafield ind1=" " ind2=" " tag="336">
		<subfield code="a">text</subfield>
		<subfield code="2">rdacontent</subfield>
	</datafield>
	<datafield ind1=" " ind2=" " tag="337">
		<subfield code="a">computer</subfield>
		<subfield code="2">rdamedia</subfield>
	</datafield>
	<datafield ind1=" " ind2=" " tag="338">
		<subfield code="a">online resource</subfield>
		<subfield code="2">rdacarrier</subfield>
	</datafield>
	<datafield ind1=" " ind2=" " tag="500">
		<subfield code="a">Part of the Arabic Collections Online (ACO) project, contributed by American University of Beirut's Jafet Memorial Library.</subfield>
	</datafield>
	<datafield ind1=" " ind2=" " tag="533">
		<subfield code="a">Electronic reproduction.</subfield>
		<subfield code="b">New York, N.Y. :</subfield>
		<subfield code="c">New York University,</subfield>
		<subfield code="d">2016.</subfield>
		<subfield code="5">NNU</subfield>
	</datafield>
	<datafield ind1=" " ind2="4" tag="650">
		<subfield code="a">العلوم عند العرب</subfield>
		<subfield code="x">مصطلحات.</subfield>
	</datafield>
	<datafield ind1=" " ind2="4" tag="650">
		<subfield code="a">العلوم</subfield>
		<subfield code="x">مصطلحات.</subfield>
	</datafield>
	<datafield ind1=" " ind2="4" tag="650">
		<subfield code="a">المخطوطات العربية</subfield>
		<subfield code="v">ببليوغرافيا.</subfield>
	</datafield>
	<datafield ind1=" " ind2="4" tag="650">
		<subfield code="a">المؤلفون العرب</subfield>
		<subfield code="v">بيوببليوغرافيا.</subfield>
	</datafield>
	<datafield ind1=" " ind2="0" tag="650">
		<subfield code="a">Science</subfield>
		<subfield code="z">Arab countries</subfield>
		<subfield code="v">Terminology.</subfield>
	</datafield>
	<datafield ind1=" " ind2="0" tag="650">
		<subfield code="a">Science</subfield>
		<subfield code="v">Terminology.</subfield>
	</datafield>
	<datafield ind1=" " ind2="0" tag="650">
		<subfield code="a">Manuscripts, Arabic</subfield>
		<subfield code="v">Bibliography.</subfield>
	</datafield>
	<datafield ind1=" " ind2="0" tag="650">
		<subfield code="a">Authors, Arab</subfield>
		<subfield code="v">Bio-bibliography.</subfield>
	</datafield>
	<datafield ind1="0" ind2=" " tag="700">
		<subfield code="6">880-06</subfield>
		<subfield code="a">Kilisli Muallim Rifat,</subfield>
		<subfield code="d">1876-1953,</subfield>
		<subfield code="e">compiler.</subfield>
	</datafield>
	<datafield ind1="1" ind2=" " tag="700">
		<subfield code="6">880-07</subfield>
		<subfield code="a">Yāltaqāyā, Muḥammad Sharaf al-Dīn,</subfield>
		<subfield code="e">compiler.</subfield>
	</datafield>
	<datafield ind1="2" ind2=" " tag="710">
		<subfield code="a">Jafet Memorial Library.</subfield>
	</datafield>
	<datafield ind1="0" ind2=" " tag="730">
		<subfield code="a">Arabic Collections Online.</subfield>
	</datafield>
	<datafield ind1="0" ind2="8" tag="776">
		<subfield code="i">Print version:</subfield>
		<subfield code="a">Ḥajjı̄ Khalı̄fah, Muṣṭafá ibn ‘Abd Allāh, 1609-1657, author.</subfield>
		<subfield code="t">Kitāb Kashf al-ẓunūn ʻan asāmī al-kutub wa-al-funūn</subfield>
		<subfield code="w">(LeBAU)b12783419</subfield>
	</datafield>
	<datafield ind1="4" ind2="0" tag="856">
		<subfield code="u">http://hdl.handle.net/2333.1/rbnzsct9</subfield>
	</datafield>
	<datafield ind1="1" ind2=" " tag="880">
		<subfield code="6">100-01/(3/r</subfield>
		<subfield code="a">حاجي خليفة، مصطفى بن عبد الله،</subfield>
		<subfield code="d">1609-1657،</subfield>
		<subfield code="e">مؤلف. </subfield>
		<subfield code="4">aut.</subfield>
	</datafield>
	<datafield ind1="1" ind2="0" tag="880">
		<subfield code="6">245-02/(3/r</subfield>
		<subfield code="a">كتاب كشف الظنون عن أسامي الكتب و الفنون /</subfield>
		<subfield code="c">للعالم الفاضل الأديب والمؤرخ الكامل الأريب مصطفى بن عبد الله الشهير بحاجي خليفة وبكاتب جلبي ؛ عني بتصحيحه وطبعه على نسخة المؤلف مجرداً عن الزيادات واللواحق من بعده وتعليق حواشيه ثم بترتيب الذيول عليه وطبعها محمد شرف الدين يالتقايا أحد المدرسين بجامعة إستانبول المحمية والمعلم رفعت بيلكه الكليسي.</subfield>
	</datafield>
	<datafield ind1="3" ind2="0" tag="880">
		<subfield code="6">246-03/(3/r</subfield>
		<subfield code="a">Kashf al-ẓunūn ʻan asāmī al-kutub wa-al-funūn</subfield>
	</datafield>
	<datafield ind1=" " ind2="1" tag="880">
		<subfield code="6">264-04/(3/r</subfield>
		<subfield code="a">استانبول :</subfield>
		<subfield code="b">وكالة المعارف،</subfield>
		<subfield code="c">1360-1362 هـ. = 1941-1943 م.</subfield>
	</datafield>
	<datafield ind1=" " ind2=" " tag="880">
		<subfield code="6">300-05/(3/r</subfield>
		<subfield code="a">2 مجلد ؛</subfield>
		<subfield code="c">32 سم</subfield>
	</datafield>
	<datafield ind1="0" ind2=" " tag="880">
		<subfield code="6">700-06/(3/r</subfield>
		<subfield code="a">الكليسلي معلم رفعت،</subfield>
		<subfield code="d">1876-1953،</subfield>
		<subfield code="e">معد. </subfield>
		<subfield code="4">com.</subfield>
	</datafield>
	<datafield ind1="1" ind2=" " tag="880">
		<subfield code="6">700-07/(3/r</subfield>
		<subfield code="a">يالتقايا، محمد شرف الدين،</subfield>
		<subfield code="e">معد. </subfield>
		<subfield code="4">com.</subfield>
	</datafield>
	<datafield ind1=" " ind2=" " tag="959">
		<subfield code="a">NNU</subfield>
		<subfield code="b">WEB</subfield>
		<subfield code="c">GENI</subfield>
		<subfield code="t">0</subfield>
		<subfield code="m">Electronic access</subfield>
		<subfield code="s">01</subfield>
	</datafield>
	<datafield ind1=" " ind2=" " tag="999">
		<subfield code="i">LeBAU_b12783419</subfield>
		<subfield code="s">aub_aco000247:v.1</subfield>
		<subfield code="s">aub_aco000248:v.2</subfield>
		<subfield code="e">(ERROR-880)(ERROR-MISC)</subfield>
	</datafield>
</record>
